<?xml version="1.0" encoding="UTF-8"?><collection xmlns="http://www.loc.gov/MARC21/slim"><record><leader>00433nam--2200133-i-4500</leader><controlfield tag="001">000034318</controlfield><controlfield tag="002">20161230</controlfield><controlfield tag="005">20161230201040</controlfield><controlfield tag="008">060222s1000------------r-----000-0-eng-d</controlfield><datafield ind1=" " ind2=" " tag="080"><subfield code="a">621.039.51(043)</subfield></datafield><datafield ind1=" " ind2=" " tag="100"><subfield code="a">Noel, Brigitte</subfield></datafield><datafield ind1=" " ind2=" " tag="245"><subfield code="a">Contribution a l`elaboration du schema de calcul neutronique des reacteurs nucleaires moderes a l`eau et a combustible en plaques</subfield></datafield><datafield ind1=" " ind2=" " tag="260"><subfield code="a">Paris, Univ.De Paris-sud, 1977, 127p</subfield></datafield><datafield ind1=" " ind2=" " tag="852"><subfield code="a">44876</subfield></datafield></record></collection>